@Book{skogestad,
  author = 	 {S Skogestad and I Postlethwaite},
  title = 	 {Multivariable Feedback Control: Analysis and Design},
  publisher = 	 {John Wiley \& Sons},
  year = 	 2001,
  address = 	 {New York},
  edition = 	 2}

@Article{ogun,
  author = 	 {Ogunnaike, BA and Lemaire, JL and Morari, M and Ray, WH},
  title = 	 {Advanced Multivariable Control of a Pilot Plant Distillation Column},
  journal = 	 {AIChE Journal},
  year = 	 1983,
  volume = 	 {29 (4)},
  pages = 	 "632 \em 639"}
  
@Book{cengel2015,
  author		= {Y A \c{C}engel and A J Ghajar},
  title			= {Heat and Mass Transfer},
  publisher		= {McGraw-Hill},
  year			= 2015,
  address		= {New York},
  edition		= 5
}

@Article{forster1955,
  author		= {Forster, K and Zuber, N},
  title			= {Dynamics of vapour bubbles and boiling heat-transfer},
  journal		= {AIChE Jl},
  year		= 1955,
  pages		= {531},
  volume		= {1}
}

@Manual{burger,
  title = 	 {Reference Techniques},
  author = 	 {M Burger},
  organization = {University of South Africa},
  year = 	 1992}

@Article{johnson,
  author = 	 {T P Johnson},
  title = 	 {Fast functional writing: Organize the report for fast writing, easy reading},
  journal = 	 {Chemical Engineer},
  year = 	 1967,
  volume = 	 6,
  pages = 	 30}

@Manual{buys,
  title = 	 {Research guide for postgraduate students},
  author = 	 {Andr{\'e} Buys},
  organization = {University of Pretoria},
  year = 	 2003}



@TechReport{ISO690,
  author = 	 {ISO},
  title = 	 {ISO 690: Documentation biographic references content form and structure},
  institution =  {ISO},
  publisher =    "International Organization for Standardization",
  address =      "Geneva, Switzerland",
  year = 	 1987,
  address = 	 {Gen{\'e}ve}}

@Booklet{fear,
  title = 	 {Publication quality tables in {\LaTeX}},
  author = 	 {Simon Fear},
  howpublished = {{\LaTeX} documentation (booktabs package), \url{http://mirror.ctan.org/macros/latex/contrib/booktabs/booktabs.pdf}},
  year = 	 2003}

@Book{bruckmanmandersloot,
  author = 	 {C G Bruckman and W G B Mandersloot},
  title = 	 {Structuring, Writing, Evaluating and Editing of Reports},
  publisher = 	 {Delta Consultancy},
  year = 	 1998,
  address = 	 {Pretoria}}

@Book{isodates,
  author =       "{ISO}",
  title =        "{ISO 8601:2004. Data elements and interchange formats
                 --- Information interchange --- Representation of dates
                 and times}",
  publisher =    "International Organization for Standardization",
  address =      "Geneva, Switzerland",
  year =         2004,
  URL =          "http://www.iso.org/iso/catalogue_detail?csnumber=40874",
}